<?xml version="1.0" encoding="UTF-8"?><collection xmlns="http://www.loc.gov/MARC21/slim"><record><leader>00377nam--2200121-i-4500</leader><controlfield tag="001">000017985</controlfield><controlfield tag="002">20161230</controlfield><controlfield tag="005">20161230201032</controlfield><controlfield tag="008">060222s1000------------r-----000-0-eng-d</controlfield><datafield ind1=" " ind2=" " tag="245"><subfield code="a">Conference on recent devlopments in cloud- chamber and associated techniques..march 1955</subfield></datafield><datafield ind1=" " ind2=" " tag="260"><subfield code="a">London, University College, 1956. Vi + 227 P</subfield></datafield><datafield ind1=" " ind2=" " tag="700"><subfield code="a">Morris, N., Duff, M.J.B</subfield></datafield><datafield ind1=" " ind2=" " tag="852"><subfield code="a">13000</subfield></datafield></record></collection>